<?xml version="1.0" encoding="UTF-8"?><collection><record><leader>07922ntm a2200601 a 4500</leader><controlfield tag="001">005976422</controlfield><controlfield tag="003">MiAaHDL</controlfield><controlfield tag="005">20190719000000.0</controlfield><controlfield tag="006">m        d        </controlfield><controlfield tag="007">cr bn ---auaua</controlfield><controlfield tag="008">090327s1481    xx            00| ||ara d</controlfield><datafield tag="035" ind1=" " ind2=" "><subfield code="a">(MiU)005976422</subfield></datafield><datafield tag="035" ind1=" " ind2=" "><subfield code="a">sdr-miu005976422</subfield></datafield><datafield tag="040" ind1=" " ind2=" "><subfield code="a">MiU</subfield><subfield code="c">MiU</subfield><subfield code="e">amremm</subfield></datafield><datafield tag="043" ind1=" " ind2=" "><subfield code="a">n-us-mi</subfield></datafield><datafield tag="100" ind1="1" ind2=" "><subfield code="6">880-01</subfield><subfield code="a">Bukhārī, Ṭāhir ibn Aḥmad,</subfield><subfield code="d">1090-1147.</subfield></datafield><datafield tag="240" ind1="1" ind2="0"><subfield code="6">880-02</subfield><subfield code="a">Khulāṣat al-fatāwá.</subfield><subfield code="n">Juzʼ 2</subfield></datafield><datafield tag="245" ind1="1" ind2="3"><subfield code="6">880-03</subfield><subfield code="a">[al-Juzʼ al-thānī min Khulāṣat al-fatāwá,</subfield><subfield code="f">886, i.e., 1481].</subfield></datafield><datafield tag="246" ind1="3" ind2=" "><subfield code="6">880-04</subfield><subfield code="i">Title from ownership statement on fol.174a (p.349):</subfield><subfield code="a">Khulāṣat al-fatāwī</subfield></datafield><datafield tag="260" ind1=" " ind2=" "><subfield code="c">[1481].</subfield></datafield><datafield tag="300" ind1=" " ind2=" "><subfield code="a">174 leaves :</subfield><subfield code="b">paper ;</subfield><subfield code="c">265 x 180 (220 x 145) mm. bound to 265 x 185 mm.</subfield></datafield><datafield tag="500" ind1=" " ind2=" "><subfield code="a">Shelfmark: Ann Arbor, University of Michigan, Special Collections Library, Isl. Ms. 16</subfield></datafield><datafield tag="500" ind1=" " ind2=" "><subfield code="a">Origin: As appears in colophon on fol.174a (p.349), copied by Muṣṭafá ibn ʻĪsá ibn Aḥmad. Transcription completed ("waqaʻa al-farāgh min taḥrīr hādhihi al-nuskhah al-sharīfah...") before noon on Thursday, 21st of Muḥarram 886 [ca. 21 March 1481]. Ownership statement below the colophon reveals that the copyist hails from al-Jabal al-Aqraʻ in the Syrian province of Latakia (Lādhiqīyah).</subfield></datafield><datafield tag="500" ind1=" " ind2=" "><subfield code="a">Accompanying materials: a. slip of European laid paper with inscriptions in black ink inserted after p.110 -- b. scrap of paper with inscription in black ink inserted after p.260.</subfield></datafield><datafield tag="500" ind1=" " ind2=" "><subfield code="a">Former shelfmark: British Museum, London "No. 130. Khulasat al-fatawi."</subfield></datafield><datafield tag="500" ind1=" " ind2=" "><subfield code="a">Binding: Pasteboards covered in dark brown leather with spine and board edges now covered in red leather repairs ; perhaps once Type II binding (with flap, though now lost) ; board linings in laid paper ; upper and lower covers bear blind-tooled polylobed central medallion with band formed from a series of interlocking s-shaped stamps and floral/star motif at the center, all with gold-tooled accents as well as a lined corner pieces and a multi-banded border consisting of a series of s-shaped stamps and cross-shaped stamps ; sewn in cream thread, two stations ; worked chevron endbands in green and red (burnt orange) ; in poor condition with lifting of leather, abrasion, water damage, staning, and extreme negative draw (warping) in upper cover.</subfield></datafield><datafield tag="500" ind1=" " ind2=" "><subfield code="a">Support: non-European (Arab) laid paper with laid lines running horizontally, distinct but faint, spaced roughly 9 laid lines per cm., chain lines grouped in threes running vertically with roughly 8-10 mm. between the chains and 45 mm. between groups ; very thick, smooth and only lightly burnished ; ink/tar damage along tail of text block ; staining, accretions, and minor pest damage ; a few repairs in European laid paper.</subfield></datafield><datafield tag="500" ind1=" " ind2=" "><subfield code="a">Decoration: Text rubricated with section headings in red.</subfield></datafield><datafield tag="500" ind1=" " ind2=" "><subfield code="a">Script: Naskh ; clear Syrian hand ; virtually sans serif ; mainly closed counters ; pointing for letters such as tāʼ, qāf, etc. (two dots) appears as inverted caret ; alif of lām alif ligature forms a loop ; strong vertical character though with slight effect of words descending to baseline.</subfield></datafield><datafield tag="500" ind1=" " ind2=" "><subfield code="a">Layout: Written in 27 lines per page ; frame-ruled.</subfield></datafield><datafield tag="500" ind1=" " ind2=" "><subfield code="a">Collation: V-1 (9), 16 V(169), 1+II (174) ; chiefly quinions ; catchwords present, though often obscured ; foliation in black ink, Hindu-Arabic numerals, begins with ۲ on fol.2, continues accurately and concludes with ۱۷۴ ; pagination in pencil, Western numerals, supplied during digitization (skips two pages between pp.161-162, two inserted slips numbered).</subfield></datafield><datafield tag="500" ind1=" " ind2=" "><subfield code="a">Colophon: "Scribal," rectangular, reads: "وقع الفراغ من تحرير هذه النسخة الشريفة قبل الظهر في [؟] يوم الخميس في احدى وعشرين في شهر المحرم في تاريخ ستة وثمانين وثمانمائة على يد العبد الضعيف الراجي رحمة ربه اللطيف مصطفى بن الفقيه عيسى بن الفقيه احمد غفر الله لهم ولوالديهم ولجميع المسلمين والمسلمات والمؤمنين والمؤمنات والحمد لله رب العالمين وصلى الله على سيدنا محمد واله وصحبه اجمعين"</subfield></datafield><datafield tag="500" ind1=" " ind2=" "><subfield code="a">Explicit: "بان قال [؟] طلبت الشفعة واخترت او على القلب يجوز الاول منهما ويبطل الثاني لانه يمكنها ان يقول [كذا] طلبتهما الشفعة والخيار"</subfield></datafield><datafield tag="500" ind1=" " ind2=" "><subfield code="a">Incipit: "كتاب الاجازة مشتمل على احد عشر فصل الاول في المقدمة وفيها وجوب الاجازة ومسائل حق الحبس الثاني في..."</subfield></datafield><datafield tag="500" ind1=" " ind2=" "><subfield code="a">Title supplied by cataloguer from inscription on fol.1a (p.1).</subfield></datafield><datafield tag="500" ind1=" " ind2=" "><subfield code="a">Ms. codex.</subfield></datafield><datafield tag="510" ind1="4" ind2=" "><subfield code="a">Brockelmann, C. GAL,</subfield><subfield code="c">I, 374 (12/2)</subfield></datafield><datafield tag="520" ind1=" " ind2=" "><subfield code="a">Second volume of the collection of Ḥanafī fatwas by Ṭāhir ibn ʻAbd al-Rashīd al-Bukhārī.</subfield></datafield><datafield tag="538" ind1=" " ind2=" "><subfield code="a">Mode of access: Internet.</subfield></datafield><datafield tag="541" ind1=" " ind2=" "><subfield code="c">Purchase ;</subfield><subfield code="a">Acquired by purchase along with Abdul Hamid Collection (funds donated by Horace Rackham).</subfield><subfield code="d">1924.</subfield></datafield><datafield tag="546" ind1=" " ind2=" "><subfield code="a">Arabic.</subfield></datafield><datafield tag="561" ind1=" " ind2=" "><subfield code="a">Bookplate of British Museum, London on interior of upper cover,"No. 130. Khulasat al-fatawi." ; circular seal impression with figure of goat/gazelle in purple ink as well as inscription "35" in Western numerals on fol.1a (p.1) ; on paper pasted on fol.1a (p.1), a detailed waqf statement (in an unpointed hand) in the name of al-Sayyid ʻAbd Allāh Adīb (Abdullah Edip), known as Jannatʹzādah (Cennet-zade), qāḍī of Erzurum, accompanied by his seal, reads: "وقفت وقفا صحيحا شريعا بشرط ان لا يخرج من بيت الكتب اللذي بنيته في اتصال داري الا لعلماء نفس ارضروم بكفيل قوى ماورهن ... و انا الفقير السيد عبد الله اديب الشهير بجنت زاده القاضي بمدينة ارضروم في سنة اثنى و ستين و ماتين و الف" ; also on fol.1a (p.1) ownership statement dated 22 Dhū al-Qaʻdah 1026 [ca. 21 November 1617] in name of Muḥammad [?] ibn Muṣṭafá al-ʻAkkārī [al-ʻAkārī] (محمد بن مصطفى العكاري ) reads, "من نعم الله على عبده الفقير محمد [؟] بن مصطفى الحنفي العكاري في ۲۲ ذي القعدة سنة ۱۰٢٦" (contribution to the cataloguing from Boris Liebrenz) ; two other ownership statements on fol.1a (p.1) virtually effaced ; on fol.174a (p.349) a statement of sale reveals the transfer of the ms. from the copyist's possession to that of another faqīh by the name of Maḥmūd, "انتقل هذا الكتاب المسمى بخلاصة الفتاوي من ملك الفقيه مصطفى بن الفقيه عيسى من الجبل الاقرع الى ملك الفقيه محمود من جماعة الكولزي بالبيع الصحيح الشرعي على موجب الشرع الشريف" ; several marginal corrections and notabilia (side-heads) appear throughout ; a few glosses ; collation marks "بلغ" appear frequently throughout.</subfield></datafield><datafield tag="650" ind1=" " ind2="0"><subfield code="a">Islamic law</subfield><subfield code="v">Sources</subfield><subfield code="v">Early works to 1800.</subfield></datafield><datafield tag="650" ind1=" " ind2="0"><subfield code="a">Hanafites</subfield><subfield code="y">12th century.</subfield></datafield><datafield tag="650" ind1=" " ind2="0"><subfield code="a">Fatwas</subfield><subfield code="y">12th century.</subfield></datafield><datafield tag="650" ind1=" " ind2="0"><subfield code="a">Manuscripts, Arabic</subfield><subfield code="z">Michigan</subfield><subfield code="z">Ann Arbor.</subfield></datafield><datafield tag="700" ind1="0" ind2=" "><subfield code="6">880-05</subfield><subfield code="a">Muṣṭafá ibn ʻĪsá ibn Aḥmad,</subfield><subfield code="d">fl. 1482,</subfield><subfield code="e">scribe.</subfield></datafield><datafield tag="773" ind1="0" ind2=" "><subfield code="a">Tiflis Collection.</subfield></datafield><datafield tag="880" ind1="0" ind2=" "><subfield code="6">700-05/</subfield><subfield code="a">مصطفى بن عيسى بن احمد،</subfield><subfield code="e">ناسخ.</subfield></datafield><datafield tag="880" ind1="3" ind2=" "><subfield code="6">246-04/</subfield><subfield code="a">خلاصة الفتاوي</subfield></datafield><datafield tag="880" ind1="1" ind2="2"><subfield code="6">245-03/</subfield><subfield code="a">[الجزء الثاني من خلاصة الفتاوى,</subfield><subfield code="f">886ه، 1481م]</subfield></datafield><datafield tag="880" ind1="1" ind2="0"><subfield code="6">240-02/</subfield><subfield code="a">خلاصة الفتاوى.</subfield><subfield code="n">جزء 2</subfield></datafield><datafield tag="880" ind1="1" ind2=" "><subfield code="6">100-01/</subfield><subfield code="a">بخاري، طاهر بن احمد</subfield></datafield><datafield tag="CID" ind1=" " ind2=" "><subfield code="a">005976422</subfield></datafield><datafield tag="DAT" ind1="0" ind2=" "><subfield code="a">20190719102633.0</subfield><subfield code="b">20190719000000.0</subfield></datafield><datafield tag="DAT" ind1="1" ind2=" "><subfield code="a">20190719090653.0</subfield><subfield code="b">2019-07-19T16:11:08Z</subfield></datafield><datafield tag="DAT" ind1="2" ind2=" "><subfield code="a">2015-10-02T18:00:03Z</subfield></datafield><datafield tag="CAT" ind1=" " ind2=" "><subfield code="a">SDR-MIU</subfield><subfield code="d">EX LIBRIS - ALEPH</subfield><subfield code="l">prepare.pl-004-008</subfield></datafield><datafield tag="FMT" ind1=" " ind2=" "><subfield code="a">BK</subfield></datafield><datafield tag="HOL" ind1=" " ind2=" "><subfield code="0">sdr-miu005976422</subfield><subfield code="a">MiU</subfield><subfield code="b">SDR</subfield><subfield code="c">MIU</subfield><subfield code="p">mdp.39015079104975</subfield><subfield code="s">MIU</subfield><subfield code="1">005976422</subfield></datafield><datafield tag="974" ind1=" " ind2=" "><subfield code="b">MIU</subfield><subfield code="c">MIU</subfield><subfield code="d">20190719</subfield><subfield code="s">lit-dlps-dc</subfield><subfield code="u">mdp.39015079104975</subfield><subfield code="y">1481</subfield><subfield code="r">pd</subfield><subfield code="q">bib</subfield><subfield code="t">non-US bib date1 &lt; 1879</subfield></datafield></record></collection>